<?xml version="1.0" encoding="UTF-8"?><collection xmlns="http://www.loc.gov/MARC21/slim"><record><leader>00365nam--2200133-i-4500</leader><controlfield tag="001">000040895</controlfield><controlfield tag="002">20161230</controlfield><controlfield tag="005">20170122111733</controlfield><controlfield tag="008">060222s1000------------r-----000-0-eng-d</controlfield><datafield ind1=" " ind2=" " tag="245"><subfield code="a">La science, ses progres, ses applications</subfield></datafield><datafield ind1=" " ind2=" " tag="260"><subfield code="a">Paris</subfield><subfield code="b">Librarie Larousse</subfield><subfield code="c">1933-1934</subfield></datafield><datafield ind1=" " ind2=" " tag="490"><subfield code="a">Mathematiques, Physique, Chimie</subfield></datafield><datafield ind1=" " ind2=" " tag="852"><subfield code="a">D.2</subfield></datafield><datafield ind1=" " ind2=" " tag="CAT"><subfield code="a">SYS</subfield><subfield code="c">20170122</subfield><subfield code="h">111733</subfield></datafield></record></collection>